<record><leader>00000cas a22000007a 4500</leader><controlfield tag="001">19526991</controlfield><controlfield tag="008">890410d18901915paucr ne      0    0eng d</controlfield><datafield ind1=" " ind2=" " tag="010"><subfield code="a">sn 89077947 </subfield></datafield><datafield ind1=" " ind2=" " tag="040"><subfield code="a">NPH</subfield><subfield code="b">eng</subfield><subfield code="c">NPH</subfield><subfield code="d">OCLCQ</subfield></datafield><datafield ind1="0" ind2="0" tag="245"><subfield code="a">Denver semi weekly press.</subfield></datafield><datafield ind1="3" ind2="0" tag="246"><subfield code="a">Semi weekly Denver press</subfield></datafield><datafield ind1="1" ind2="3" tag="246"><subfield code="a">Denver press</subfield></datafield><datafield ind1=" " ind2=" " tag="260"><subfield code="a">Denver, Pa. :</subfield><subfield code="b">Silas E. Bard</subfield></datafield><datafield ind1=" " ind2=" " tag="300"><subfield code="a">v. :</subfield><subfield code="b">ill. ;</subfield><subfield code="c">56 cm.</subfield></datafield><datafield ind1=" " ind2=" " tag="310"><subfield code="a">Semiweekly</subfield></datafield><datafield ind1="1" ind2=" " tag="362"><subfield code="a">Began in 1890; ceased in 1915?</subfield></datafield><datafield ind1=" " ind2=" " tag="500"><subfield code="a">"Semi weekly" appears in masthead ornament.</subfield></datafield><datafield ind1=" " ind2=" " tag="588"><subfield code="a">Description based on: Vol. 25, no. 95 (Apr. 2, 1915).</subfield></datafield><datafield ind1=" " ind2=" " tag="752"><subfield code="a">United States</subfield><subfield code="b">Pennsylvania</subfield><subfield code="c">Lancaster</subfield><subfield code="d">Denver.</subfield></datafield><datafield ind1="0" ind2="0" tag="785"><subfield code="t">Denver press (Denver, Pa.)</subfield><subfield code="w">(DLC)sn 89077948</subfield></datafield></record>